<?xml version="1.0" encoding="UTF-8"?><record xmlns="http://www.loc.gov/MARC21/slim" xmlns:cinclude="http://apache.org/cocoon/include/1.0" xmlns:zs="http://www.loc.gov/zing/srw/">
  <leader>01404nz  a2200241n  4500</leader>
  <controlfield tag="001">no2015134712</controlfield>
  <controlfield tag="003">DLC</controlfield>
  <controlfield tag="005">20151009073605.0</controlfield>
  <controlfield tag="008">151008n| azannaabn          |n aaa     c</controlfield>
  <datafield tag="010" ind1=" " ind2=" ">
    <subfield code="a">no2015134712</subfield>
  </datafield>
  <datafield tag="035" ind1=" " ind2=" ">
    <subfield code="a">(OCoLC)oca10290227</subfield>
  </datafield>
  <datafield tag="040" ind1=" " ind2=" ">
    <subfield code="a">UPB</subfield>
    <subfield code="b">eng</subfield>
    <subfield code="e">rda</subfield>
    <subfield code="c">UPB</subfield>
  </datafield>
  <datafield tag="046" ind1=" " ind2=" ">
    <subfield code="f">1877-08-28</subfield>
    <subfield code="g">1940-06-26</subfield>
    <subfield code="2">edtf</subfield>
  </datafield>
  <datafield tag="100" ind1="1" ind2=" ">
    <subfield code="a">Fitzgerald, Edith,</subfield>
    <subfield code="d">1877-1940</subfield>
  </datafield>
  <datafield tag="370" ind1=" " ind2=" ">
    <subfield code="a">Memphis (Tenn.)</subfield>
    <subfield code="b">Oak Park (Ill.)</subfield>
    <subfield code="2">naf</subfield>
  </datafield>
  <datafield tag="373" ind1=" " ind2=" ">
    <subfield code="a">Gallaudet University</subfield>
    <subfield code="2">naf</subfield>
  </datafield>
  <datafield tag="374" ind1=" " ind2=" ">
    <subfield code="a">Teachers</subfield>
    <subfield code="2">lcsh</subfield>
  </datafield>
  <datafield tag="375" ind1=" " ind2=" ">
    <subfield code="a">female</subfield>
  </datafield>
  <datafield tag="377" ind1=" " ind2=" ">
    <subfield code="a">eng</subfield>
  </datafield>
  <datafield tag="378" ind1=" " ind2=" ">
    <subfield code="q">Edith Mansford</subfield>
  </datafield>
  <datafield tag="670" ind1=" " ind2=" ">
    <subfield code="a">Straight language for the deaf: a system of instruction for deaf children, 1929:</subfield>
    <subfield code="b">title page (by Edith Fitzgerald)</subfield>
  </datafield>
  <datafield tag="670" ind1=" " ind2=" ">
    <subfield code="a">myTobiiDynavox, via WWW, October 7, 2015</subfield>
    <subfield code="b">(Edith Fitzgerald (1877-1940), born hard of hearing and late-deafened, graduated as valedictorian from Gallaudet; Ms. Fitzgerald taught at a number of schools for the deaf and eventually became an Assistant Principal; from its first printing in 1929, her “Key” (in Straight Language for the Deaf) influenced the anguage and communication of several generations of individuals with hearing impairments as well as those who use AAC)</subfield>
  </datafield>
  <datafield tag="670" ind1=" " ind2=" ">
    <subfield code="a">ancestry.com, October 7, 2015</subfield>
    <subfield code="b">(Edith Fitzgerald; Edith Mansford Fitzgerald; born August 28, 1877 in Memphis, Tenn; died June 26, 1940 in Oak Park, Cook, Illinois; teacher; daughter of Joseph Fitzgerald and Jennie Mansford)</subfield>
  </datafield>
</record>